<?xml version="1.0" encoding="UTF-8"?><collection xmlns="http://www.loc.gov/MARC21/slim"><record><leader>00533nam--2200181-i-4500</leader><controlfield tag="001">000031339</controlfield><controlfield tag="002">20161230</controlfield><controlfield tag="005">20161230201038</controlfield><controlfield tag="008">060222s1000------------r-----000-0-eng-d</controlfield><datafield ind1=" " ind2=" " tag="040"><subfield code="a">IFIN-HH</subfield></datafield><datafield ind1=" " ind2=" " tag="080"><subfield code="a">51(038)=30</subfield></datafield><datafield ind1="1" ind2=" " tag="100"><subfield code="a">Naas, Josef</subfield></datafield><datafield ind1="1" ind2="0" tag="245"><subfield code="a">Mathematisches worterbuch. mit einbeziehung der theoretischen physik</subfield><subfield code="b">Band ii: l-z</subfield><subfield code="c">Jodef naas, hermann ludwig schmid</subfield></datafield><datafield ind1=" " ind2=" " tag="260"><subfield code="a">Berlin</subfield><subfield code="b">Akademie-verlag</subfield><subfield code="c">1962</subfield></datafield><datafield ind1=" " ind2=" " tag="300"><subfield code="a">952P</subfield></datafield><datafield ind1="1" ind2=" " tag="700"><subfield code="a">Schmid, Hermann Ludwig</subfield></datafield><datafield ind1=" " ind2=" " tag="852"><subfield code="a">D.638</subfield><subfield code="c">SLG</subfield></datafield><datafield ind1=" " ind2=" " tag="CAT"><subfield code="a">Sys</subfield><subfield code="c">20130212</subfield><subfield code="h">125921</subfield></datafield></record></collection>